@article{
    ahlberg_2014, title={EDUCATIONAL JUSTICE FOR STUDENTS WITH COGNITIVE DISABILITIES}, volume={31}, DOI={10.1017/S026505251400017X}, number={1},
    journal={Social Philosophy and Policy},
    publisher={Cambridge University Press},
    author={Ahlberg, Jaime},
    year={2014},
    pages={150–175}
}
@book{national_information_standards_organization_u.s._specifications_2006,
	address = {Bethesda, Md.},
	title = {Specifications for the digital talking book: an {American} national standard},
	isbn = {9781880124635},
	shorttitle = {Specifications for the digital talking book},
	url = {http://www.daisy.org/ z3986/2005/Z3986-2005.html},
	language = {English},
	publisher = {National Information Standards Organization},
	author = {{National Information Standards Organization (U.S.)} and {American National Standards Institute}},
	year = {2006},
	note = {OCLC: 65407867},
}

@inproceedings{karshmer2007mathematics,
  title={Mathematics and accessibility: a survey},
  author={Karshmer, Arthur and Gupta, Gopal and Pontelli, Enrico},
  booktitle={Proc. 9th International Conference on Computers Helping People with Special Needs},
  volume={3118},
  pages={664--669},
  year={2007}
}

@inproceedings{archambault2009non,
  title={Non visual access to mathematical contents: State of the art and prospective},
  author={Archambault, Dominique},
  booktitle={Proceedings of the WEIMS Conference},
  volume={2009},
  pages={43--52},
  year={2009}
}

@inproceedings{sorge2014towards,
  title={Towards making mathematics a first class citizen in general screen readers},
  author={Sorge, Volker and Chen, Charles and Raman, TV and Tseng, David},
  booktitle={Proceedings of the 11th Web for All Conference},
  pages={40},
  year={2014},
  organization={ACM}
}

@inproceedings{cervone2016towards,
  title={Towards universal rendering in MathJax},
  author={Cervone, Davide and Krautzberger, Peter and Sorge, Volker},
  booktitle={Proceedings of the 13th Web for All Conference},
  pages={4},
  year={2016},
  organization={ACM}
}

@inproceedings{dooley2016online,
  title={Online nemeth braille input/output using content MathML},
  author={Dooley, Samuel S and Osterhaus, Susan and Brown, Dan and Lozano, Edgar and Park, Su H},
  booktitle={Proceedings of the 13th Web for All Conference},
  pages={12},
  year={2016},
  organization={ACM}
}

@inproceedings{soiffer2009flexible,
  title={A flexible design for accessible spoken math},
  author={Soiffer, Neil},
  booktitle={International Conference on Universal Access in Human-Computer Interaction},
  pages={130--139},
  year={2009},
  organization={Springer}
}

@article{frankel2016development,
  title={Development and initial evaluation of the ClearSpeak style for automated speaking of algebra},
  author={Frankel, Lois and Brownstein, Beth and Soiffer, Neil and Hansen, Eric},
  journal={ETS Research Report Series},
  volume={2016},
  number={2},
  pages={1--43},
  year={2016},
  publisher={Wiley Online Library}
}

@article{isaacson2010increasing,
  title={Increasing STEM accessibility in students with print disabilities through MathSpeak},
  author={Isaacson, Mick D and Schleppenbach, Dave and Lloyd, Lyle},
  journal={Journal of Science Education for Students with Disabilities},
  volume={14},
  number={1},
  pages={3},
  year={2010}
}

@techreport{raman1994audio,
  title={Audio system for technical readings},
  author={Raman, T.V.},
  year={1994},
  institution={Cornell University},
  type={Ph.D. dissertation}
}

@article{lewis2013ky,
  title={KY Math Etext Project-a case study: math curriculum digital conversion and implementation},
  author={Lewis, Preston and Lee, Linnie and Noble, Steve and Garrett, Brent},
  journal={Information Technology and Disabilities E-Journal},
  volume={13},
  number={1},
  year={2013}
}

@inproceedings{lewis2010using,
  title={Using accessible math textbooks with students who have learning disabilities},
  author={Lewis, Preston and Noble, Steve and Soiffer, Neil},
  booktitle={Proceedings of the 12th international ACM SIGACCESS conference on Computers and accessibility},
  pages={139--146},
  year={2010},
  organization={ACM}
}

@inbook{soiffer2019mathematics,
  title={Mathematics and Statistics},
  author={Soiffer, Neil and Noble, Steve},
  booktitle={Web Accessibility---A Foundation for Research},
editor={Harper, Simon and Yesilada, Yeliz},
pages={417--443},
  year={2019},
  publisher={Springer}
}
@techreport{wcag21,
  title={Web content accessibility guidelines (WCAG) 2.1},
  type="W3C Recommendation",
  author={{World Wide Web Consortium}},
month="6",
year={2018},
url={https://www.w3.org/TR/2018/REC-WCAG21-20180605/}
}

@techreport{mathml,
title={Mathematical Markup Language (MathML) Version 3.0 2nd Edition},
author={{World Wide Web Consortium}},
month=4,
year=2014,
type={W3C recommendation},
url={http://www.w3.org/TR/2014/REC-MathML3-20140410/}
}

@techreport{mathml-core,
title={MathML Core},
author={{W3C MathML Refresh Community Group}},
type={Editor's Draft},
month=11,
year=2019,
url={https://mathml-refresh.github.io/mathml-core/}
}

@online{mathml-browsers,
author={{Igalia, S.L.}},
title={MathML and Browsers},
url={https://mathml.igalia.com/news/2019/08/28/mathml-and-browsers/},
month={8},
year={2019},
urldate={2019-10-22}
}

@article{frankel2016development,
  title={Development and initial evaluation of the ClearSpeak style for automated speaking of algebra},
  author={Frankel, Lois and Brownstein, Beth and Soiffer, Neil and Hansen, Eric},
  journal={ETS Research Report Series},
  volume={2016},
  number={2},
  pages={1--43},
  year={2016},
  publisher={Wiley Online Library}
}

@inproceedings{dick2017usability,
  title={Usability of Enlargement Methods: How Enlargement Method Influences the Amount of Scrolling Actions Needed to Read Publications},
  author={Dick, Wayne E},
  booktitle={International Conference on Applied Human Factors and Ergonomics},
  pages={271--281},
  year={2017},
  organization={Springer}
}

@inproceedings{soiffer2005mathplayer,
  title={MathPlayer: web-based math accessibility},
  author={Soiffer, Neil},
  booktitle={ACM SIGACCESS Conference on Assistive Technologies: Proceedings of the 7 th international ACM SIGACCESS conference on Computers and accessibility},
  volume={9},
  number={12},
  pages={204--205},
  year={2005}
}

@inproceedings{soiffer2009flexible,
  title={A flexible design for accessible spoken math},
  author={Soiffer, Neil},
  booktitle={International Conference on Universal Access in Human-Computer Interaction},
  pages={130--139},
  year={2009},
  organization={Springer}
}
@inproceedings{cervone2019adaptable,
  title={Adaptable Accessibility Features for Mathematics on the Web},
  author={Cervone, Davide and Sorge, Volker},
  booktitle={Proceedings of the 16th Web For All 2019 Personalization-Personalizing the Web},
  pages={17},
  year={2019},
  organization={ACM}
}

@inproceedings{alajarmeh2011reading,
  title={From “reading” math to “doing” math: A new direction in non-visual math accessibility},
  author={Alajarmeh, Nancy and Pontelli, Enrico and Son, Tran},
  booktitle={International Conference on Universal Access in Human-Computer Interaction},
  pages={501--510},
  year={2011},
  organization={Springer}
}

@inproceedings{bernareggi2010non,
  title={Non-sequential mathematical notations in the LAMBDA system},
  author={Bernareggi, Cristian},
  booktitle={International Conference on Computers for Handicapped Persons},
  pages={389--395},
  year={2010},
  organization={Springer}
}

@inproceedings{flores2014multimodal,
  title={Multimodal interface for working with algebra: Interaction between the sighted and the non sighted},
  author={Flores, Silvia Fajardo and Archambault, Dominique},
  booktitle={International Conference on Computers for Handicapped Persons},
  pages={606--613},
  year={2014},
  organization={Springer}
}

@inproceedings{archambault2007software,
  title={A software model to support collaborative mathematical work between braille and sighted users},
  author={Archambault, Dominique and St{\"o}ger, Bernhard and Batusic, Mario and Fahrengruber, Claudia and Miesenberger, Klaus},
  booktitle={Proceedings of the 9th international ACM SIGACCESS conference on Computers and accessibility},
  pages={115--122},
  year={2007},
  organization={ACM}
}

@techreport{aria11,
title={Accessible Rich Internet Applications (WAI-ARIA) 1.1},
author={{World Wide Web Consortium}},
type={W3C Recommendation},
month=12,
year=2017,
url={https://www.w3.org/TR/wai-aria-1.1/}
}

@inproceedings{da2017much,
  title={How much effort is necessary for blind users to read web-based mathematical formulae?: A comparison using task models with different screen readers},
  author={da Paix{\~a}o Silva, Luiz Felipe and de Faria Oliveira, Otavio and Freire, Evelise Roman Corbalan G{\'o}is and Mendes, Rosana Maria and Freire, Andr{\'e} Pimenta},
  booktitle={Proceedings of the XVI Brazilian Symposium on Human Factors in Computing Systems},
  pages={29},
  year={2017},
  organization={ACM}
}

@inproceedings{sorge2016supporting,
  title={Supporting visual impaired learners in editing mathematics},
  author={Sorge, Volker},
  booktitle={Proceedings of the 18th International ACM SIGACCESS Conference on Computers and Accessibility},
  pages={323--324},
  year={2016},
  organization={ACM}
}

@book { raman-aui,
author = {Raman, T.V.},
title = "Auditory User Interfaces: Toward the Speaking Computer",
publisher = "Kluwer Academic Publishers",
year = 1997
}

@misc{iso30071,
author={{International Organization for Standardization and International Electrotechnical Commission}},
title={ISO/IEC 30071-1:2019 Information technology---Development of user interface accessibility---Part 1: Code of practice for creating accessible ICT products and services},
month=5,
year=2019
}

@online{nvda,
author={{NV Access Limited}},
title={NVDA 2019.2.1 User Guide},
year=2019,
urldate={2019-11-18},
url={https://www.nvaccess.org/files/nvda/documentation/userGuide.html#InteractiveNavigation}
}

@inproceedings{fajardo2012understanding,
  title={Understanding algebraic manipulation: Analysis of the actions of sighted and non-sighted students},
  author={Fajardo Flores, Silvia and Archambault, Dominique},
  booktitle={The International Workshop on Digitization and E-Inclusion in Mathematics and Science},
  volume={2012},
  year={2012},
  organization={Nihon University Tokyo, Japan}
}

@online{msu-tutorial,
author={{Michigan State University}},
title={MathType for Equations},
url={https://webaccess.msu.edu/Tutorials/mathtype.html},
urldate={2020-02-27}
}

@online{msu-parser,
author={{Michigan State University}},
title={MSU Math Portal Test Server},
month=3,
year=2019,
url={http://www.msumathonline.com/},
urldate={2020-02-27}
}

@article{bouck2012etext,
  title={eText, Mathematics, and students with visual impairments: What teachers need to know},
  author={Bouck, Emily C and Meyer, Nancy K},
  journal={Teaching Exceptional Children},
  volume={45},
  number={2},
  pages={42--49},
  year={2012},
  publisher={SAGE Publications Sage CA: Los Angeles, CA}
}